<?xml version="1.0" encoding="UTF-8"?><collection xmlns="http://www.loc.gov/MARC21/slim"><record><leader>00345nam--2200133-i-4500</leader><controlfield tag="001">000013420</controlfield><controlfield tag="002">20161230</controlfield><controlfield tag="005">20161230201030</controlfield><controlfield tag="008">060222s1000------------r-----000-0-eng-d</controlfield><datafield ind1=" " ind2=" " tag="100"><subfield code="a">Dumon, Roger</subfield></datafield><datafield ind1=" " ind2=" " tag="245"><subfield code="a">Energie solaire et stockage d energie</subfield></datafield><datafield ind1=" " ind2=" " tag="260"><subfield code="a">Paris, Masson, 1979</subfield></datafield><datafield ind1=" " ind2=" " tag="490"><subfield code="a">Les Objectifs Scientifiques De Demain</subfield></datafield><datafield ind1=" " ind2=" " tag="852"><subfield code="a">621.47</subfield></datafield></record></collection>